@misc{world_bank_moment,
	author = {The World Bank},
	title = {World Bank Open Data},
	howpublished = {https://data.worldbank.org/},
	note = {Accessed: 20122-12-02}
}

@article{niapy,
	author  = {Vrban{\v{c}}i{\v{c}}, Grega and Brezo{\v{c}}nik, Lucija
	and Mlakar, Uro{\v{s}} and Fister, Du{\v{s}}an and {Fister Jr.}, Iztok},
	title   = {{NiaPy: Python microframework for building nature-inspired algorithms}},
	journal = {{Journal of Open Source Software}},
	year    = {2018},
	volume  = {3},
	issue   = {23},
	issn    = {2475-9066},
	doi     = {10.21105/joss.00613},
	url     = {https://doi.org/10.21105/joss.00613}
}

@article{evopreproc,
	author  = {Sa{\v{s}}o Karakati{\v{c}}},
	title   = {{EvoPreprocessâ€”Data Preprocessing Framework with Nature-Inspired Optimization Algorithms}},
	journal = {{Mathematics}},
	number  = {6},
	year    = {2020},
	volume  = {8},
	article-number   = {900},
	issn    = {2227-7390},
	doi     = {10.3390/math8060900},
	url     = {https://www.mdpi.com/2227-7390/8/6/900}
}